1790 2952
132 764 176 799 10

133 1059 176 1093 15

130 1539 175 1574 20

129 1911 173 1945 25

128 2205 174 2240 30

785 118 1050 155 -48-

206 236 246 271 te
264 233 412 284 magnis
431 233 608 284 opibus.“
622 258 671 262 —
685 234 839 274 Marcol.
859 234 1074 284 respondit:
1095 234 1323 281 „Promittit
1340 247 1428 285 sepe
1442 235 1612 274 medicus

207 291 430 339 sanitatem,
451 293 554 331 vnde
574 305 651 331 non
673 293 791 331 habet
811 293 1089 343 potestatem.“

280 351 431 400 Damus
448 352 569 402 sozqen
588 352 647 390 die
666 352 833 401 Sprilehe
852 353 874 391 5
894 364 982 391 usu‘.
1005 352 1057 402 (s.
1083 346 1273 391 Uber-siem
1292 352 1332 391 S.
1355 352 1514 390 XXXV
1528 352 1611 403 ss.).

206 408 245 448 N
248 410 314 448 ach
334 410 481 459 Sprueh
502 410 575 449 106
594 411 683 449 steht
704 412 815 457 einer,
838 411 899 449 der
919 413 1018 449 sonet
1038 411 1137 458 fehlt,
1158 411 1340 449 m‘z'mlich:

209 468 313 507 Salo:
341 469 470 515 .,‚Noli
495 481 575 507 esse
600 474 645 507 ut
667 469 725 508 leo
750 470 788 508 in
814 470 928 509 domo
952 470 1067 508 tua!“
1091 493 1141 497 —
1164 469 1370 508 Marcolfus
1394 470 1610 520 respondit:

207 527 379 574 „Mutus,
404 540 514 566 cecus
538 532 577 566 et
599 528 737 566 surdus
761 528 810 567 ad
834 529 968 567 horam
992 528 1108 567 debet
1131 541 1223 575 esse,
1249 529 1313 579 qui
1337 540 1424 567 cum
1447 528 1613 567 subditis

208 586 286 625 suis
307 586 519 625 desiderat⁴
537 598 672 637 pacem
693 587 874 626 habere.“

280 645 457 684 Darnach
479 645 600 695 jolqen
623 646 710 694 Spr.
737 646 784 684 74
807 646 886 684 und
908 646 991 685 140.
1032 646 1166 685 Danu:

282 704 371 742 His⁵
395 708 434 742 et
459 704 544 754 alijs
572 704 703 742 multis
730 704 841 742 dictis
867 717 935 743 rex
963 706 1144 744 Salomon
1171 705 1286 744 dixit:
1315 705 1429 751 „Non
1455 717 1613 755 possum

207 763 391 813 amplius3
420 762 541 800 fessus
556 775 641 800 sum
655 763 867 812 loquendo;
896 763 973 801 iam
987 764 1311 814 requiescamus.“
1325 788 1374 791 —
1388 763 1611 803 Marcolfus:

206 821 321 868 „Non
336 821 545 859 obmittam
558 821 753 871 loquelam
768 834 905 861 meam.
939 822 976 860 Si
991 834 1067 860 non
1081 827 1191 873 potes
1204 823 1446 873 respondere,
1461 823 1614 861 humili-

206 884 265 918 ter
288 884 326 918 te
349 880 499 918 uictum
522 879 707 918 confitere
731 884 770 918 et
793 880 842 919 da
866 881 970 930 quod
992 881 1242 931 promisisti.“
1264 906 1314 909 —
1336 882 1396 920 Ad
1420 882 1488 920 hec
1510 882 1613 932 prin-

206 938 308 989 cipes
323 939 505 977 dixerunt
518 939 624 977 irati:
641 939 721 985 „Vt
736 939 828 989 quid
842 939 914 977 iste
927 939 1040 978 follus
1054 939 1215 978 infestat
1225 940 1426 979 dominum
1436 945 1613 979 nostrum

204 998 362 1047 regem?
403 998 478 1037 Cur
504 998 636 1036 multis
663 998 834 1049 colaphis
860 1002 1077 1037 maceratus
1103 1003 1174 1037 aut
1197 998 1366 1038 fustibus
1392 999 1612 1038 confractus

207 1068 285 1094 non
311 1056 469 1095 cicietur
495 1056 541 1095 de
567 1062 777 1108 conspectu
803 1057 899 1107 regis
912 1058 956 1096 ?“
982 1081 1031 1085 ——
1056 1057 1117 1096 Ad
1143 1057 1211 1096 hec
1240 1058 1421 1097 Salomon
1445 1071 1514 1097 rex
1538 1058 1611 1097 ait:

207 1115 321 1162 „Non
338 1115 396 1154 ita
412 1115 494 1162 fiet,
512 1116 579 1154 sed
597 1116 692 1154 bene
710 1120 926 1155 saturatus⁶
943 1128 1031 1155 cum
1048 1129 1142 1167 pace
1160 1117 1423 1156 dimittatur.“
1439 1141 1489 1144 —
1506 1117 1614 1155 Tunc

205 1174 429 1213 Marcolfus:
457 1175 588 1221 „Satis
611 1175 742 1226 paciar
766 1175 947 1226 quitquid
971 1175 1109 1222 dicitis,
1133 1176 1200 1214 sed
1223 1188 1290 1226 ego
1314 1188 1464 1226 semper
1486 1175 1614 1215 dicam

206 1233 313 1284 quia:
337 1233 390 1272 ibi
413 1246 490 1272 non
514 1238 572 1272 est
594 1246 673 1280 rex,
697 1234 763 1273 ubi
786 1247 862 1273 non
886 1239 944 1273 est
964 1234 1067 1273 lex.“

279 1293 332 1330 Et
353 1293 422 1331 hec
441 1293 641 1331 sufficiant
662 1293 708 1332 de
729 1294 972 1332 altricatione
993 1293 1089 1344 regis
1114 1293 1344 1332 Salomonis⁷
1366 1298 1405 1332 et
1425 1294 1611 1334 Marcolfi.

697 1530 977 1595 Appendix
1015 1531 1110 1581 III.

550 1649 655 1688 Finis
688 1649 828 1688 codicis
861 1650 885 1690 S
911 1650 965 1700 (p.
995 1651 1066 1688 142
1094 1650 1163 1689 col.
1193 1650 1262 1700 a.)1

336 1763 368 1771 ..
416 1732 499 1771 Rex
536 1745 626 1771 vero
668 1732 849 1771 Salomon
887 1744 975 1771 cum
1013 1745 1152 1783 magno
1189 1733 1328 1771 rubore
1367 1732 1612 1772 Marcolfum²

203 1791 345 1842 petiuit
366 1791 598 1841 promittens
621 1795 660 1830 et
682 1791 777 1830 dans
800 1791 871 1830 sibi
893 1792 1075 1842 graciam,
1098 1796 1143 1830 vt
1163 1791 1327 1831 intraret
1349 1791 1496 1830 curiam
1516 1792 1608 1832 eius.

263 1881 295 1889 ..
341 1850 549 1889 Marcolfus
596 1863 687 1889 vero
736 1851 783 1889 dc
829 1851 985 1889 fornace
1032 1851 1265 1889 descendens
1304 1851 1463 1889 domum
1500 1863 1612 1890 suam

204 1909 277 1948 iuit
304 1914 344 1947 et
370 1914 459 1959 post
487 1910 560 1948 hoc
587 1909 626 1948 in
656 1909 833 1961 curia[m]
863 1910 959 1960 regis
988 1910 1152 1948 intrauit
1179 1922 1224 1948 ac
1252 1909 1475 1960 permansit.

279 1968 452 2018 Cumque
493 1969 663 2019 quadam
701 1969 784 2007 vice
822 1968 953 2019 regina
994 1969 1208 2007 Salomonis
1247 1968 1452 2019 ethiopica,
1493 1981 1611 2019 quam

203 2027 373 2065 multum
402 2027 588 2078 diligebat
617 2032 656 2066 et
684 2032 842 2078 propter
873 2031 1007 2078 quam³
1036 2028 1151 2066 deum
1179 2028 1387 2078 spernebat
1415 2039 1460 2066 ac
1487 2040 1511 2066 a
1539 2027 1610 2066 deo

202 2091 411 2125 recesserat
425 2086 614 2137 idolisque
631 2099 705 2137 que
719 2087 805 2137 ipsa
820 2087 972 2125 colebat
988 2092 1146 2137 propter
1161 2099 1247 2125 eam
1261 2087 1335 2125 illis
1351 2086 1610 2133 sacrificabat,

201 2168 251 2173 —
272 2145 464 2196 contingit
486 2146 657 2196 quadam
678 2145 761 2184 vice
784 2146 887 2196 quod
910 2145 1069 2196 quidam
1089 2158 1158 2184 rex
1178 2158 1351 2197 paganus
1373 2145 1440 2184 sed
1461 2145 1610 2184 vicinus

203 2203 301 2254 regis
333 2204 559 2251 Salomonis,
588 2205 746 2243 veniens
774 2205 824 2243 ad
851 2217 940 2243 eum
969 2205 1077 2255 quasi
1105 2205 1256 2256 hospes,
1285 2204 1495 2243 concubuit
1521 2216 1610 2243 cum

203 2275 322 2301 vxore
345 2263 442 2313 regis
470 2264 684 2302 Salomonis
707 2264 747 2302 in
771 2264 962 2302 adulterio
986 2269 1025 2302 et
1049 2276 1137 2302 cum
1160 2276 1205 2302 ea
1228 2263 1480 2310 condictauit,
1506 2262 1609 2314 quod

203 2334 289 2360 eam
313 2334 336 2360 a
359 2334 446 2372 rege
470 2326 725 2373 apportaret&
775 2322 981 2361 Marcolfus
1006 2335 1096 2361 vero
1122 2323 1367 2362 considerans
1392 2321 1609 2372 nequiciam

201 2380 302 2420 illius
335 2381 526 2431 ethiopice
557 2381 717 2432 regi[ne]
750 2382 884 2420 retulit
919 2382 1126 2421 Salomoni.
1193 2382 1374 2421 Salomon
1405 2381 1526 2419 iratus
1558 2380 1609 2419 ad

267 2487 282 2508 ‘²
305 2486 457 2521 desidiat
494 2487 508 2508 ⁵
534 2487 612 2531 Hijs
651 2487 665 2508 ⁶
688 2490 835 2521 sanatus
874 2488 887 2508 ⁷
914 2487 1122 2522 Solomonis.

266 2541 279 2561 ¹
299 2551 324 2574 s.
348 2539 499 2584 Anhang
520 2540 561 2581 A,
583 2540 675 2574 Note
696 2541 715 2574 1
755 2540 770 2561 2
794 2540 986 2583 Marcolsus
1014 2539 1160 2575 anstelle
1190 2539 1250 2574 des
1270 2539 1520 2574 Marchlandus
1549 2538 1611 2574 der

198 2592 276 2634 Hs.,
306 2592 361 2627 die
390 2593 554 2638 iibrigens
584 2593 688 2628 meist
713 2592 823 2627 durch
854 2593 898 2628 M.
930 2593 1093 2628 abkiirzt.
1143 2595 1156 2614 ³
1180 2592 1294 2638 ipsam
1345 2594 1358 2614 ⁴¹
1383 2591 1566 2638 apportat.
