1790 2952
699 169 963 206 -49—

140 285 368 324 Marcolfum
382 291 421 324 et
435 286 467 324 ei
482 298 558 324 non
574 286 729 324 credens
745 298 832 324 eum
846 284 972 323 verbis
987 284 1127 322 obruit.
1157 284 1378 322 Marcolsus:
1397 285 1537 330 ‚‚Michi

140 343 212 382 hoc
229 356 305 382 non
324 344 473 383 credis?
494 345 550 383 De
567 357 606 383 re
624 344 772 383 videbis
791 349 830 382 et
847 343 979 382 audies
998 341 1188 380 mirabilia
1206 354 1294 380 cum
1312 342 1440 381 dolore
1459 356 1538 382 cor-

140 402 197 440 dis
225 403 323 442 tui.“
380 403 449 441 Illa
476 415 566 442 vero
593 403 705 441 iuxta
731 401 999 440 condictamen
1028 412 1116 439 cum
1142 412 1228 450 rege
1255 413 1406 450 pagano
1433 401 1539 439 infir-

140 473 243 499 mam
259 474 297 499 se
312 461 404 500 fecit
419 467 457 500 et
472 462 510 499 in
525 461 660 500 fraude
675 461 780 499 facta
795 465 984 509 tanquam
1001 463 1166 498 mortua.
1197 459 1402 497 Marcolfus
1418 460 1539 498 sciens

139 520 357 570 nequiciam
374 520 507 559 retulit
529 519 739 558 Salomoni:
776 518 866 564 ,‚Nil
884 522 1016 556 tutum
1035 518 1268 556 credendum
1287 522 1345 556 est
1363 518 1540 557 mulieri⁵.
1594 521 1615 555 5

141 578 227 617 Non
258 579 413 617 infirma
444 583 502 617 est
534 578 600 616 sed
631 589 737 622 sana,
770 589 847 615 non
879 581 1034 615 mortua
1065 576 1131 615 sed
1162 576 1294 615 viua.“
1360 577 1539 615 Salomon

138 637 279 676 iterum
306 637 427 675 iratus
454 636 569 674 dixit:
624 635 836 681 ‚‚Mentiris‚
864 635 1027 686 pessime
1053 635 1262 685 nequam.“
1315 635 1538 674 Marcolfus:

140 696 254 742 „Non
280 695 459 741 mencior,
485 694 552 733 sed
576 693 629 732 rei
655 694 862 732 veritatem
887 694 1102 744 probabo.“
1156 694 1354 733 Salomon:
1407 694 1541 740 „Quo-

138 754 254 805 modo
277 785 383 793 .....
393 757 407 778 ⁶
422 753 479 791 vis
494 753 658 803 probare
669 753 715 791 ?“
745 753 968 791 Marcolfus:
1001 753 1152 799 „Detur
1168 752 1261 791 mihi
1278 753 1323 791 de
1339 752 1540 803 plumbo.“

139 813 192 851 Et
249 812 437 863 accipiens
480 811 685 862 plumbum
727 811 926 862 liquefecit
969 824 1036 862 per
1078 811 1207 862 ignem
1251 811 1539 862 extendensque
1574 813 1617 848 10

138 872 308 922 palmam
339 870 458 921 ipsius
490 870 695 920 plumbum
726 870 842 916 fudit,
874 870 932 909 ita
964 870 1067 921 quod
1089 870 1139 909 ad
1161 875 1368 921 Vtramque
1389 874 1541 921 partem

139 942 275 969 manus
299 929 503 980 plumbum
528 929 751 979 perforauit.
804 929 874 968 Illa
898 942 988 968 vero
1015 934 1205 979 tanquam
1230 930 1376 968 nullam
1400 942 1542 980 penam

138 989 298 1028 sentiret
324 1000 394 1026 nec
421 988 550 1038 aliquo
579 988 738 1026 menbro
767 988 901 1027 mouit.
957 988 1163 1027 Marcolfus
1192 988 1308 1027 dixit:
1343 987 1542 1039 ‚‚Ad[h]uc

138 1060 206 1098 ego
223 1047 396 1097 probabo
414 1047 567 1093 certius,
586 1051 706 1097 tuque
723 1047 885 1093 videbis,
903 1047 970 1086 sed
987 1047 1183 1086 modicum
1199 1047 1387 1086 sustine.“

213 1106 308 1145 Cum
338 1105 416 1144 iam
446 1105 578 1156 regina
608 1105 657 1144 ad
688 1106 907 1156 sepulcrum
937 1111 1157 1156 poneretur,
1190 1106 1388 1156 camerarij
1421 1106 1539 1157 ipsius
1575 1107 1617 1142 15

137 1177 259 1203 vnum
296 1164 472 1203 foramen
510 1164 550 1202 in
589 1164 762 1215 sepulcro
801 1164 989 1211 fecerunt,
1029 1169 1075 1203 vt
1113 1165 1329 1203 anhelitum
1368 1165 1541 1211 haberet,

137 1223 246 1262 sicud
265 1223 370 1274 prius
392 1223 708 1262 demandauerat.
751 1223 834 1262 Rex
858 1223 1038 1262 Salomon
1058 1223 1180 1262 iratus
1201 1224 1247 1262 de
1268 1228 1392 1262 morte
1412 1224 1542 1262 vxoris

137 1295 203 1321 sue
220 1286 311 1321 ante
329 1294 507 1320 occasum
524 1282 612 1320 solis
628 1282 668 1320 in
686 1281 861 1320 cubiculo
879 1295 917 1321 se
935 1282 1151 1321 collocauit.
1186 1282 1391 1321 Marcolfus
1407 1282 1447 1321 in
1465 1295 1542 1321 cre-

136 1341 313 1391 pusculo⁷
328 1341 378 1379 ad
393 1354 481 1379 eum
495 1345 640 1379 secreto
655 1341 780 1379 venit⁸
794 1341 904 1391 eique
920 1341 1036 1380 dixit:
1055 1341 1202 1391 „Surge
1218 1346 1257 1380 et
1271 1341 1419 1380 videbis
1439 1341 1542 1392 quod

137 1412 234 1439 vxor
262 1404 332 1438 tua
360 1400 473 1446 vivit,
502 1399 664 1451 si[c]que
693 1400 766 1438 tibi
794 1400 882 1438 volo
912 1400 959 1438 de
988 1400 1154 1439 veritate
1177 1400 1382 1450 probare.“
1428 1400 1540 1439 Cum-
1573 1402 1619 1437 20

139 1471 212 1509 que
230 1471 299 1497 rex
321 1459 501 1497 Salomon
521 1459 706 1497 solusmet
726 1471 815 1497 cum
834 1458 1018 1498 Marcolfo
1039 1459 1089 1498 ad
1107 1459 1327 1510 sepulcrum
1346 1459 1542 1506 transiret,

138 1517 344 1556 Marcolfus
382 1517 591 1556 ascendens
629 1518 847 1568 sepulcrum
884 1522 1090 1568 tamquam
1127 1518 1196 1556 bos
1233 1530 1311 1556 non
1349 1522 1542 1557 castratus

138 1577 330 1627 mugitum
350 1576 456 1623 fecit,
479 1576 657 1615 manibus
679 1581 718 1615 et
738 1577 901 1627 pedibus
925 1577 971 1615 de
988 1577 1162 1627 sepulcro
1180 1581 1324 1615 terram
1340 1577 1541 1627 proiciens.

140 1635 211 1674 Illa
237 1647 327 1674 vero
355 1635 448 1673 viua
473 1635 601 1674 iacens
628 1635 667 1673 in
695 1636 868 1686 sepulcro
896 1636 947 1674 ad
975 1636 1204 1674 Marcolfum
1231 1640 1374 1687 putans
1403 1636 1544 1675 bouem

138 1693 254 1732 dixit:
320 1694 461 1744 ‚‚Sthy,
499 1694 610 1745 Sthy,
647 1694 772 1745 Sthy“
804 1707 891 1745 rege
924 1695 1118 1734 audiente,
1183 1695 1390 1733 Marcolfus
1424 1695 1540 1734 dixit:
1575 1697 1619 1731 25

138 1753 303 1799 „Nonne
327 1765 463 1792 verum
487 1757 546 1791 est
571 1753 674 1803 quod
698 1753 770 1792 tibi
795 1753 874 1792 dixi
886 1753 932 1792 ?“
978 1754 1159 1792 Salomon
1185 1754 1300 1792 dixit:
1329 1753 1542 1800 ‚‚Mentiris‚

138 1824 318 1862 nequam.
381 1812 582 1862 Dyabolus
613 1816 652 1850 te
683 1812 834 1851 seducit
865 1817 904 1851 et
935 1825 996 1851 me
1027 1825 1144 1863 penes
1174 1813 1255 1852 te.“
1317 1813 1541 1851 Marcolfus:

138 1870 256 1917 „Cras
288 1870 437 1909 videbis
469 1883 573 1909 noua
604 1870 795 1910 mirabilia
830 1871 902 1922 [et]
936 1871 1065 1910 credes
1099 1871 1203 1922 quod
1235 1884 1303 1922 ego
1335 1871 1544 1910 veritatem

139 1929 235 1968 dico.
274 1930 391 1980 Surge
410 1942 523 1968 mane
545 1929 600 1980 [et
616 1929 734 1981 vade]
753 1930 803 1968 ad
821 1930 1040 1981 sepulcrum
1059 1934 1098 1969 et
1115 1943 1201 1969 eam
1218 1943 1296 1969 non
1313 1930 1543 1970 invenies⁹.“

212 1988 455 2039 Factumque
477 1993 535 2027 est
555 1988 613 2027 ita
628 1989 731 2039 quod
744 1989 806 2028 ille
820 2002 889 2028 rex
902 1989 1060 2028 veniens
1075 1989 1122 2028 de
1136 1993 1250 2028 nocte
1265 2002 1351 2028 eam
1365 1989 1542 2041 app0[r]·
1575 1991 1620 2026 30

138 2047 252 2086 tauit.
307 2047 392 2086 Rex
423 2059 515 2086 vero
554 2047 734 2086 Salomon
768 2060 925 2098 surgens
961 2048 1021 2087 die
1053 2048 1307 2099 insequenti1⁰
1341 2049 1461 2087 currit
1494 2049 1544 2087 ad

138 2106 357 2156 sepulcrum
383 2110 422 2144 et
449 2118 535 2145 eam
561 2118 639 2145 non
664 2106 827 2146 invenit.
883 2107 979 2146 Cum
1006 2120 1146 2158 magno
1174 2107 1304 2146 dolore
1331 2112 1371 2146 et
1397 2107 1544 2158 gemitu

137 2176 312 2203 reversus
324 2164 489 2203 intrauit
502 2165 722 2204 cubiculum
735 2178 866 2212 suum;
881 2166 984 2217 cepit
997 2178 1126 2205 amare
1139 2166 1232 2205 flere
1247 2166 1393 2205 dicens:
1421 2197 1443 2213 ‚‚
1454 2166 1546 2212 Quis

138 2223 275 2274 eripiet
292 2236 352 2262 me
368 2223 414 2262 de
430 2224 611 2274 angustia
625 2225 739 2264 mea?
767 2225 822 2263 Ve
837 2225 931 2263 mihi
947 2225 1084 2264 misero
1095 2225 1132 2263 !“
1146 2237 1368 2276 vocansque
1383 2225 1544 2264 Marcol-

137 2281 222 2320 fum
250 2282 366 2321 dixit:
401 2282 619 2329 ‚‚Condoleo
652 2283 790 2333 quodll
810 2296 899 2334 erga
920 2288 959 2323 te
980 2284 1151 2334 peccaui,
1185 2284 1275 2335 quia
1296 2289 1362 2323 tue
1384 2284 1542 2323 veritati
1574 2285 1618 2320 35

137 2353 353 2391 numquam
374 2341 529 2381 credidi.
574 2342 647 2380 Sed
667 2355 770 2381 nunc
790 2354 940 2393 precor:
982 2343 1084 2382 Erue
1105 2355 1169 2382 cor
1190 2356 1332 2389 meum,
1356 2347 1402 2382 vt
1423 2347 1545 2382 cesset

138 2399 314 2447 tristicia,
338 2400 404 2438 si12
424 2400 555 2438 saltim
575 2400 616 2439 in
638 2400 767 2451 aliquo
788 2414 849 2440 me
868 2401 1012 2452 poteris
1035 2402 1305 2452 supportare.“
1338 2402 1543 2440 Marcolfus

207 2535 221 2555 ⁵
245 2534 314 2580 vgl.
338 2534 477 2580 Dialog,
509 2535 601 2580 Kap.
624 2536 645 2570 4
673 2546 708 2571 u.
731 2536 761 2572 7.
815 2538 828 2558 ⁶
859 2534 941 2581 Qu&
970 2536 1001 2571 si
1030 2539 1171 2571 mortuo
1200 2537 1284 2581 (sibi
1313 2539 1454 2571 mortuo
1483 2536 1551 2581 qibt

139 2586 262 2621 keinen
285 2587 410 2633 Sirm).
461 2590 472 2610 ⁷
499 2589 744 2634 crepusculum
792 2591 806 2611 ⁸
829 2589 974 2625 veniens
1024 2590 1039 2611 ⁹
1061 2589 1222 2625 invenias
1261 2590 1290 2611 ¹⁰
1315 2590 1352 2624 in
1378 2589 1550 2625 dieseonti

140 2639 172 2661 ¹1
196 2640 428 2685 quamobrem
477 2642 508 2663 ¹2
531 2641 588 2677 vel
612 2641 652 2677 si.

214 2724 408 2759 samm1ung
429 2726 750 2754 mittenateinischer
770 2727 885 2755 Texte.
916 2727 946 2754 8.
1385 2716 1407 2750 4
